<record><leader>00000cas a22000007a 4500</leader><controlfield tag="001">10059696</controlfield><controlfield tag="008">831026d18501867nyuwr ne      0    0eng d</controlfield><datafield ind1=" " ind2=" " tag="010"><subfield code="a">sn 83031930 </subfield></datafield><datafield ind1=" " ind2=" " tag="040"><subfield code="a">NPU</subfield><subfield code="b">eng</subfield><subfield code="c">NPU</subfield><subfield code="d">NYG</subfield><subfield code="d">NPX</subfield><subfield code="d">NYS</subfield><subfield code="d">CNK</subfield><subfield code="d">OCL</subfield><subfield code="d">OCLCQ</subfield><subfield code="d">OCLCG</subfield><subfield code="d">KRTAS</subfield><subfield code="d">OCLCQ</subfield><subfield code="d">OCLCF</subfield><subfield code="d">OCLCO</subfield></datafield><datafield ind1="1" ind2=" " tag="029"><subfield code="a">AU@</subfield><subfield code="b">000020227492</subfield></datafield><datafield ind1=" " ind2=" " tag="042"><subfield code="a">msc</subfield></datafield><datafield ind1=" " ind2=" " tag="043"><subfield code="a">n-us-ny</subfield></datafield><datafield ind1="0" ind2=" " tag="130"><subfield code="a">New York reformer (Watertown, N.Y.)</subfield></datafield><datafield ind1="1" ind2="4" tag="245"><subfield code="a">The New York reformer.</subfield></datafield><datafield ind1=" " ind2=" " tag="260"><subfield code="a">Watertown, N.Y. :</subfield><subfield code="b">Ingalls, Burdick &amp; Co.,</subfield><subfield code="c">-1867.</subfield></datafield><datafield ind1=" " ind2=" " tag="300"><subfield code="a">18 v. ;</subfield><subfield code="c">58 cm.</subfield></datafield><datafield ind1=" " ind2=" " tag="310"><subfield code="a">Weekly</subfield></datafield><datafield ind1="1" ind2=" " tag="362"><subfield code="a">Began with Aug. 29, 1850 issue.</subfield><subfield code="z">Cf. Hough, F.B. Hist. of Jefferson Co. in the state of N.Y., 1854.</subfield></datafield><datafield ind1="1" ind2=" " tag="362"><subfield code="a">Ceased in 1866?</subfield><subfield code="z">Cf. Gregory, W. Amer. newspapers.</subfield></datafield><datafield ind1=" " ind2=" " tag="500"><subfield code="a">Editors: Lotus Ingalls, &lt;1861&gt;; Beman Brockway, &lt;1861&gt;; Isaac M. Beebee, &lt;1861&gt;.</subfield></datafield><datafield ind1=" " ind2=" " tag="500"><subfield code="a">Publishers: Lotus Ingalls &amp; John A. Haddock, &lt;1860&gt;-1861; Lotus Ingalls, Beman Brockway &amp; Isaac M. Beebee, &lt;1861&gt;.</subfield></datafield><datafield ind1=" " ind2=" " tag="580"><subfield code="a">Daily eds.: Watertown daily Republican (Watertown, N.Y. : 1856), &lt;1856&gt;; New-York daily reformer (Watertown, N.Y. : 1861), 1861-1862; Daily news and reformer, 1862; New-York daily reformer (Watertown, N.Y. : 1862), 1862-1867.</subfield></datafield><datafield ind1=" " ind2=" " tag="588"><subfield code="a">Description based on: Vol. 1, no. 2 (Sept. 5, 1850).</subfield></datafield><datafield ind1=" " ind2="0" tag="651"><subfield code="a">Watertown (N.Y.)</subfield><subfield code="v">Newspapers.</subfield></datafield><datafield ind1=" " ind2="0" tag="651"><subfield code="a">Jefferson County (N.Y.)</subfield><subfield code="v">Newspapers.</subfield></datafield><datafield ind1=" " ind2="7" tag="655"><subfield code="a">Newspapers.</subfield><subfield code="2">fast</subfield><subfield code="0">(OCoLC)fst01423814</subfield></datafield><datafield ind1=" " ind2="7" tag="651"><subfield code="a">New York (State)</subfield><subfield code="z">Jefferson County.</subfield><subfield code="2">fast</subfield><subfield code="0">(OCoLC)fst01209430</subfield></datafield><datafield ind1=" " ind2="7" tag="651"><subfield code="a">New York (State)</subfield><subfield code="z">Watertown.</subfield><subfield code="2">fast</subfield><subfield code="0">(OCoLC)fst01221269</subfield></datafield><datafield ind1="1" ind2=" " tag="700"><subfield code="a">Brockway, Beman,</subfield><subfield code="d">1815-1892.</subfield></datafield><datafield ind1=" " ind2=" " tag="752"><subfield code="a">United States</subfield><subfield code="b">New York</subfield><subfield code="c">Jefferson</subfield><subfield code="d">Watertown.</subfield></datafield><datafield ind1="1" ind2=" " tag="775"><subfield code="t">Watertown daily Republican (Watertown, N.Y. : 1856)</subfield><subfield code="w">(DLC)sn 94057746</subfield><subfield code="w">(OCoLC)30000015</subfield></datafield><datafield ind1="1" ind2=" " tag="775"><subfield code="t">New-York daily reformer (Watertown, N.Y. : 1861)</subfield><subfield code="w">(DLC)sn 85054123</subfield><subfield code="w">(OCoLC)11655697</subfield></datafield><datafield ind1="1" ind2=" " tag="775"><subfield code="t">Daily news and reformer</subfield><subfield code="w">(DLC)sn 85054122</subfield><subfield code="w">(OCoLC)11655857</subfield></datafield><datafield ind1="1" ind2=" " tag="775"><subfield code="t">New-York daily reformer (Watertown, N.Y. : 1862)</subfield><subfield code="w">(DLC)sn 84035898</subfield><subfield code="w">(OCoLC)11485713</subfield></datafield><datafield ind1="0" ind2="0" tag="785"><subfield code="t">New York weekly reformer (Watertown, N.Y. : 1867)</subfield><subfield code="w">(DLC)sn 94057764</subfield><subfield code="w">(OCoLC)30407133</subfield></datafield><datafield ind1=" " ind2=" " tag="938"><subfield code="a">Kirtas Technologies, Inc.</subfield><subfield code="b">KRTS</subfield><subfield code="n">737590</subfield></datafield></record>